<?xml version="1.0" encoding="UTF-8"?><record xmlns="http://www.loc.gov/MARC21/slim" xmlns:cinclude="http://apache.org/cocoon/include/1.0" xmlns:zs="http://www.loc.gov/zing/srw/">
  <leader>00450cz  a2200121n  4500</leader>
  <controlfield tag="001">n  89225155 </controlfield>
  <controlfield tag="003">DLC</controlfield>
  <controlfield tag="005">19910314072117.9</controlfield>
  <controlfield tag="008">910311n| acannaab|          |n aaa ||| b</controlfield>
  <datafield tag="010" ind1=" " ind2=" ">
    <subfield code="a">n  89225155 </subfield>
  </datafield>
  <datafield tag="040" ind1=" " ind2=" ">
    <subfield code="a">DNLM</subfield>
    <subfield code="c">DLC</subfield>
    <subfield code="d">DLC</subfield>
  </datafield>
  <datafield tag="100" ind1="1" ind2="0">
    <subfield code="a">Dodge, William H.</subfield>
  </datafield>
  <datafield tag="670" ind1=" " ind2=" ">
    <subfield code="a">The Boimechanics [i.e. biomechanics] of motor vehicle accidents [VR] c1989:</subfield>
    <subfield code="b">creidt frame (William H. Dodge, M.D., prof. of neurosurg., Univ. of South. Calif., Sch. of Med., Los Angeles, CA)</subfield>
  </datafield>
</record>